<?xml version="1.0" encoding="UTF-8"?><collection xmlns="http://www.loc.gov/MARC21/slim"><record><leader>00356nam--2200133-i-4500</leader><controlfield tag="001">000024247</controlfield><controlfield tag="002">20161230</controlfield><controlfield tag="005">20161230201035</controlfield><controlfield tag="008">060222s1000------------r-----000-0-eng-d</controlfield><datafield ind1=" " ind2=" " tag="080"><subfield code="a">159.9</subfield></datafield><datafield ind1=" " ind2=" " tag="100"><subfield code="a">Horman, Hans</subfield></datafield><datafield ind1=" " ind2=" " tag="245"><subfield code="a">To mean to understand. problems of phsychological sssemantics</subfield></datafield><datafield ind1=" " ind2=" " tag="260"><subfield code="a">Berlin, Springer-verlag, 1981. X + 337p</subfield></datafield><datafield ind1=" " ind2=" " tag="852"><subfield code="a">71229</subfield></datafield></record></collection>